<record><leader>00000cas a22000007a 4500</leader><controlfield tag="001">9777275</controlfield><controlfield tag="008">830804d18491851mauwr ne      0    0eng d</controlfield><controlfield tag="009">3768</controlfield><datafield ind1=" " ind2=" " tag="010"><subfield code="a">sn 83021092 </subfield></datafield><datafield ind1=" " ind2=" " tag="040"><subfield code="a">NPX</subfield><subfield code="b">eng</subfield><subfield code="c">NPX</subfield><subfield code="d">MGN</subfield><subfield code="d">OCLCG</subfield></datafield><datafield ind1="1" ind2=" " tag="029"><subfield code="a">AU@</subfield><subfield code="b">000025800936</subfield></datafield><datafield ind1=" " ind2=" " tag="042"><subfield code="a">msc</subfield></datafield><datafield ind1=" " ind2=" " tag="043"><subfield code="a">n-us-ma</subfield></datafield><datafield ind1="0" ind2=" " tag="130"><subfield code="a">American sentinel (Boston, Mass.)</subfield></datafield><datafield ind1="0" ind2="0" tag="245"><subfield code="a">American sentinel.</subfield></datafield><datafield ind1=" " ind2=" " tag="260"><subfield code="a">Boston [Mass.] :</subfield><subfield code="b">Ben. Perley Poore,</subfield></datafield><datafield ind1=" " ind2=" " tag="300"><subfield code="a">v. :</subfield><subfield code="b">ill. ;</subfield><subfield code="c">71 cm.</subfield></datafield><datafield ind1=" " ind2=" " tag="310"><subfield code="a">Weekly</subfield></datafield><datafield ind1="0" ind2=" " tag="362"><subfield code="a">Vol. 1, no. 1 (Dec. 29, 1849)-</subfield></datafield><datafield ind1="1" ind2=" " tag="362"><subfield code="a">Ceased May 3, 1851.</subfield></datafield><datafield ind1=" " ind2=" " tag="500"><subfield code="a">Editor: B.P. Poore, &lt;1850-1851&gt;.</subfield></datafield><datafield ind1=" " ind2=" " tag="515"><subfield code="a">Vol. 1, no. 2 also dated Dec. 29, 1849.</subfield></datafield><datafield ind1=" " ind2=" " tag="515"><subfield code="a">Issues dated Feb. 23 and Mar. 2, 1850, and numbered Vol. 1, no. 10, are identical in content.</subfield></datafield><datafield ind1=" " ind2=" " tag="515"><subfield code="a">Vol. 2, no. 5 dated on p. [1]: "For the week ending Jan. 25, 1851," dated on p. [3]: Jan. 18, 1851.</subfield></datafield><datafield ind1=" " ind2=" " tag="580"><subfield code="a">"Based upon the Picnic," [i.e., Perley's Sunday pic-nic of news, religious intelligence, the arts and sciences, literature, &amp;c., at home and abroad (non-extant?)]. Cf. Boston weekly bee, Dec. 15, 1849.</subfield></datafield><datafield ind1="1" ind2=" " tag="700"><subfield code="a">Poore, Benjamin Perley,</subfield><subfield code="d">1820-1887.</subfield></datafield><datafield ind1=" " ind2=" " tag="752"><subfield code="a">United States</subfield><subfield code="b">Massachusetts</subfield><subfield code="c">Suffolk</subfield><subfield code="d">Boston.</subfield></datafield><datafield ind1="0" ind2="1" tag="780"><subfield code="t">Perley's Sunday pic-nic of news, religious intelligence, the arts and sciences, literature, &amp;c., at home and abroad</subfield></datafield><datafield ind1="0" ind2="7" tag="785"><subfield code="t">Yankee nation</subfield><subfield code="w">(DLC)sn 83021093</subfield></datafield><datafield ind1="0" ind2="7" tag="785"><subfield code="t">American nation and yankee sentinel</subfield></datafield></record>